<?xml version="1.0" encoding="UTF-8"?>
<record xmlns="http://www.loc.gov/MARC21/slim">
   <leader>02471cam a2200433 a 4500</leader>
   <controlfield tag="001">857302</controlfield>
   <controlfield tag="003">NjP</controlfield>
   <controlfield tag="005">20190705142244.0</controlfield>
   <controlfield tag="008">940105s1842    ua            000 0 ara d</controlfield>
   <datafield tag="024" ind1="7" ind2=" ">
      <subfield code="a">princeton_aco003680</subfield>
      <subfield code="2">local</subfield>
   </datafield>
   <datafield ind1=" " ind2=" " tag="040">
      <subfield code="a">PUL</subfield>
      <subfield code="c">PUL</subfield>
      <subfield code="d">PUL</subfield>
   </datafield>
   <datafield ind1=" " ind2=" " tag="035">
      <subfield code="a">(CStRLIN)NJPG94-B504</subfield>
   </datafield>
   <datafield ind1=" " ind2=" " tag="035">
      <subfield code="9">CAX2588TS</subfield>
   </datafield>
   <datafield ind1=" " ind2=" " tag="035">
      <subfield code="a">(NjP)857302</subfield>
   </datafield>
   <datafield ind1="1" ind2=" " tag="041">
      <subfield code="a">araeng</subfield>
   </datafield>
   <datafield ind1=" " ind2=" " tag="043">
      <subfield code="a">e------</subfield>
   </datafield>
   <datafield ind1="0" ind2=" " tag="050">
      <subfield code="a">DD179</subfield>
      <subfield code="b">.R612 1842</subfield>
   </datafield>
   <datafield ind1=" " ind2=" " tag="049">
      <subfield code="a">PULL</subfield>
   </datafield>
   <datafield ind1=" " ind2=" " tag="019">
      <subfield code="a">29685503</subfield>
   </datafield>
   <datafield ind1=" " ind2=" " tag="035">
      <subfield code="a">(OCoLC)ocm13760203</subfield>
      <subfield code="z">(OCoLC)ocm29685503</subfield>
   </datafield>
   <datafield ind1="1" ind2=" " tag="100">
      <subfield code="a">Robertson, William,</subfield>
      <subfield code="d">1721-1793.</subfield>
      <subfield code="0">http://id.loc.gov/authorities/names/n50049179</subfield>
   </datafield>
   <datafield ind1="1" ind2="0" tag="240">
      <subfield code="a">History of the reign of the Emperor Charles V.</subfield>
      <subfield code="p">Progress of society in Europe.</subfield>
      <subfield code="l">Arabic</subfield>
   </datafield>
   <datafield ind1="1" ind2="0" tag="245">
      <subfield code="6">880-01</subfield>
      <subfield code="a">Hādhā Kitāb itḥāf al-mulūk al-alibbāʼ bi-taqaddum al-jamʻīyāt fī bilād Ūrūbbā :</subfield>
      <subfield code="b">wa-huwa al-muqaddimah li-tārīkh al-Imbirāṭūr Sharlakān ... /</subfield>
      <subfield code="c">naẓamahu fī silk al-tawārīkh al-ʻArabīyah Khalīfah ibn Maḥmūd.</subfield>
   </datafield>
   <datafield ind1=" " ind2=" " tag="260">
      <subfield code="6">880-02</subfield>
      <subfield code="a">Būlāq :</subfield>
      <subfield code="b">[s.n.],</subfield>
      <subfield code="c">1258 [1842]</subfield>
   </datafield>
   <datafield ind1=" " ind2=" " tag="300">
      <subfield code="a">1 v. (various pagings) ;</subfield>
      <subfield code="c">25 cm.</subfield>
   </datafield>
   <datafield ind1=" " ind2=" " tag="500">
      <subfield code="a">Translation of: The history of the reign of Emperor Charles V, progress of society in Europe.</subfield>
   </datafield>
   <datafield ind1=" " ind2="0" tag="651">
      <subfield code="a">Europe</subfield>
      <subfield code="x">History</subfield>
      <subfield code="y">1492-1648.</subfield>
      <subfield code="0">http://id.loc.gov/authorities/subjects/sh85045693</subfield>
   </datafield>
   <datafield ind1="0" ind2="0" tag="600">
      <subfield code="a">Charles V,</subfield>
      <subfield code="c">Holy Roman Emperor,</subfield>
      <subfield code="d">1500-1558.</subfield>
      <subfield code="0">http://id.loc.gov/authorities/names/n79112289</subfield>
   </datafield>
   <datafield ind1=" " ind2="0" tag="651">
      <subfield code="a">Holy Roman Empire</subfield>
      <subfield code="x">History</subfield>
      <subfield code="y">Charles V, 1519-1556.</subfield>
      <subfield code="0">http://id.loc.gov/authorities/subjects/sh85061613</subfield>
   </datafield>
   <datafield ind1="0" ind2=" " tag="740">
      <subfield code="6">880-03</subfield>
      <subfield code="a">Itḥāf al-mulūk al-alibbāʼ bi-taqaddum al-jamʻīyāt fī bilād Ūrūbbā.</subfield>
   </datafield>
   <datafield ind1="1" ind2=" " tag="700">
      <subfield code="6">880-04</subfield>
      <subfield code="a">Ibn Maḥmūd, Khalīfah,</subfield>
      <subfield code="d">active 19th century.</subfield>
      <subfield code="0">http://id.loc.gov/authorities/names/n85266976</subfield>
   </datafield>
   <datafield ind1="1" ind2="0" tag="880">
      <subfield code="6">245-01/r</subfield>
      <subfield code="a">هذا كتاب اتحاف الملوك الالباء بتقدم الجمعيات في بلاد اوروبا :</subfield>
      <subfield code="b">وهو المقدمة لتاريخ الامبراطور شرلكان ... /</subfield>
      <subfield code="c">نظمه في سلك التواريخ العربية خليفة بن محمود.</subfield>
   </datafield>
   <datafield ind1=" " ind2=" " tag="880">
      <subfield code="6">260-02/r</subfield>
      <subfield code="a">بولاق :</subfield>
      <subfield code="b">[s.n.]،</subfield>
      <subfield code="c">1258 [1842]</subfield>
   </datafield>
   <datafield ind1="0" ind2=" " tag="880">
      <subfield code="6">740-03/r</subfield>
      <subfield code="a">اتحاف الملوك الالباء بتقدم الجمعيات في بلاد اوروبا.</subfield>
   </datafield>
   <datafield ind1="1" ind2=" " tag="880">
      <subfield code="6">700-04/r</subfield>
      <subfield code="a">ابن محمود، خليفة،</subfield>
      <subfield code="d">active 19th century.</subfield>
   </datafield>
   <datafield ind1=" " ind2=" " tag="998">
      <subfield code="a">01/11/94</subfield>
      <subfield code="s">9114</subfield>
      <subfield code="n">NjP</subfield>
      <subfield code="w">NJPG94B504</subfield>
      <subfield code="d">01/05/94</subfield>
      <subfield code="c">KC</subfield>
      <subfield code="b">JAB</subfield>
      <subfield code="i">940111</subfield>
      <subfield code="l">NJPG</subfield>
   </datafield>
   <datafield ind1=" " ind2=" " tag="911">
      <subfield code="a">19940120</subfield>
   </datafield>
   <datafield ind1=" " ind2=" " tag="912">
      <subfield code="a">19940111000000.0</subfield>
   </datafield>
   <datafield ind1=" " ind2=" " tag="994">
      <subfield code="a">C0</subfield>
      <subfield code="b">PUL</subfield>
   </datafield>
   <datafield ind1=" " ind2=" " tag="999">
      <subfield code="a">857302</subfield>
   </datafield>
   <datafield ind1=" " ind2=" " tag="979">
      <subfield code="a">(OCoLC)ocn176339985</subfield>
   </datafield>
   <datafield ind1="0" ind2="0" tag="852">
      <subfield code="0">976909</subfield>
      <subfield code="b">rcppa</subfield>
      <subfield code="t">1</subfield>
      <subfield code="h">DD179</subfield>
      <subfield code="i">.R612 1842</subfield>
      <subfield code="x">tr fr anxa</subfield>
   </datafield>
   <datafield ind1=" " ind2=" " tag="959">
      <subfield code="a">2000-06-13 00:00:00 -0400</subfield>
   </datafield>
</record>
